2046 3484
68 859 134 886 ni'o

631 1262 1112 1336 PRAEFATIO.

187 1535 367 1629 Lucilio
387 1564 655 1608 Lachmanni
686 1563 803 1607 edito
833 1562 907 1606 alii
935 1562 1024 1605 alia
1053 1567 1142 1606 tam
1170 1563 1216 1605 in
1244 1562 1378 1616 ipsius
1406 1575 1538 1618 opere
1556 1574 1685 1616 quam

46 1665 119 1709 ‘in
157 1678 256 1710 mea
292 1666 579 1721 qualicunque
616 1679 720 1708 cura
756 1679 842 1720 qua
878 1664 986 1707 illud
1018 1677 1107 1707 non
1143 1638 1492 1706 abscondendum
1526 1664 1605 1708 sed
1639 1665 1686 1707 in

54 1767 217 1818 ⁴lucem
246 1767 464 1824 publicam
494 1766 805 1810 admittendum
837 1765 982 1808 curavi
1002 1765 1371 1820 reprehenderunt
1399 1769 1444 1808 et
1471 1765 1688 1809 desidera-

75 1872 191 1912 runt.
248 1867 368 1912 Inter
404 1881 513 1923 quos
547 1867 676 1923 pauci
712 1879 808 1910 cum
843 1866 1010 1920 reliqua
1046 1879 1133 1909 non
1167 1865 1315 1920 iniqua
1347 1869 1491 1909 mente
1521 1867 1688 1922 excipe-

76 1973 177 2014 rent
203 1969 291 2013 hoc
309 1973 456 2013 tamen
474 1982 607 2024 aegre
626 1955 823 2013 ferebant
843 1969 958 2023 quod
977 1968 1045 2010 his
1064 1967 1314 2022 fragmentis
1333 1981 1513 2022 quorum
1534 1974 1688 2024 suapte

75 2073 353 2115 natura'non
382 2083 494 2113 unus
523 2074 568 2113 et
597 2075 739 2114 certus
770 2071 874 2114 ordo
905 2082 1001 2112 esse
1030 2072 1173 2124 potest
1201 2067 1309 2111 nihil
1328 2068 1574 2112 adminiculi
1603 2083 1687 2124 quo

76 2171 128 2215 in
154 2170 400 2220 evolvendo
429 2170 688 2214 adiuvarere
717 2171 932 2215 adiectum
952 2174 1059 2213 erat.
1103 2169 1284 2220 Qualem
1304 2169 1687 2216 dinumerationem

62 2285 283 2321 ⁴vel-suum
323 2271 551 2327 quominus
585 2270 680 2326 ipse
710 2276 799 2314 tum
834 2273 1038 2316 adderem
1070 2285 1165 2315 eum
1194 2271 1300 2314 meis
1327 2272 1597 2325 negotiorum
1626 2285 1691 2315 ra·

55 2368 58 2396 ²
80 2372 272 2418 tionibus
297 2372 559 2428 prohibebar
578 2377 668 2415 tum
694 2371 832 2426 magis
857 2371 934 2415 illa
954 2373 1233 2427 persuasione
1252 2386 1338 2427 qua
1355 2386 1436 2416 nec
1455 2372 1689 2428 Hauptinm

81 2487 226 2531 neque
253 2473 395 2529 ipsum
415 2473 742 2517 Lachmannum
770 2472 854 2515 isto
885 2473 1012 2516 modo
1042 2473 1334 2516 commoditati
1354 2473 1572 2517 hominum
1596 2487 1691 2529 pro-

70 2563 254 2621 'visuros
287 2575 423 2619 fuisse
459 2573 715 2618 arbitrabar.
776 2574 939 2617 Tamen
976 2588 1089 2617 nunc
1128 2573 1237 2618 cessi
1266 2574 1437 2617 illorum
1466 2572 1690 2630 voluntati,

81 2681 368 2734 posteaquam
387 2676 665 2719 Franciscum
686 2674 929 2717 Harderum
949 2674 1049 2718 huic
1067 2674 1344 2717 sustinendae
1365 2687 1523 2729 operae
1543 2687 1691 2731 parem

55 2754 58 2755 ⁷
81 2783 127 2825 et
163 2783 367 2836 paratum
405 2790 503 2821 esse
532 2776 733 2831 cognovi:
771 2777 842 2831 qui
872 2789 969 2818 meo
1006 2775 1182 2818 consilio
1212 2779 1256 2818 et
1284 2776 1481 2830 exemplo
1511 2788 1602 2819 rem
1628 2775 1692 2818 ita

53 2870 406 2930 {administravit
433 2883 481 2920 ut
510 2879 708 2933 exposito
739 2877 855 2920 omni
884 2889 1080 2919 sermone
1110 2876 1332 2920 Luciliano
1367 2876 1493 2920 simul
1526 2877 1591 2920 illi
1620 2877 1692 2921 de-

81 2981 243 3025 siderio
274 2980 518 3025 satisfieret.
565 2981 836 3033 Possuntqne
865 2978 973 3021 haec
1001 2977 1115 3019 facili
1136 2978 1308 3033 negotio
1329 2992 1423 3021 cum
1444 2977 1540 3032 ipso
1560 2991 1691 3032 opere
